1898 3302
676 223 902 264 EKAorH
933 222 1211 263 ΙΣΤΟΡΙΩΝ.
1595 220 1680 266 179

209 343 288 400 μῆς
312 342 382 385 τοῦ
403 340 505 384 ναοῦ·
545 337 642 398 ὅμου
664 334 773 382 κατὰ
801 357 867 383 του
898 333 1136 383 Ἀπὸστολον
1167 355 1276 396 μετα
1305 332 1459 391 Ἰησοῦν
1491 353 1556 380 τον
1578 337 1678 380 Μω-

211 414 310 467 σέως
354 411 586 475 3ta'3oxov’
569 410 633 460 επὶ
669 417 923 474 Σολομῶυτα,
958 411 1159 474 γίγνονται
1203 432 1273 469 ετη
1307 418 1386 471 φλ,
1410 432 1478 458 και
1506 412 1542 459 3.
1577 411 1613 459 εἰ
1635 411 1677 458 δὲ

206 491 469 587 vpoebicouqu
485 509 553 536 και
575 510 629 536 τα
652 489 898 542 Μωϋσέως’
880 487 944 536 επὶ
966 495 1040 547 τῆς
1069 488 1213 584 ἐρήμου
1236 509 1306 547 ετη
1327 510 1378 550 μ,
1402 490 1457 535 τοί
1478 510 1523 536 τε
1544 487 1678 547 Ἰησου

206 573 276 616 τοῦ
298 565 469 625 Ναυῆ”
447 588 517 625 ετη
541 564 606 625 κζ’
608 603 621 623 ,
645 567 742 630 ὅμου
763 589 819 613 τα
845 568 977 613 πάντα
1005 566 1220 629 γενήσεται
1254 586 1363 612 κατα
1394 586 1460 612 του
1488 563 1677 613 Ἀπίστο-

169 654 274 701 ,ςλον
295 643 365 702 ἐ’τη
394 642 440 707 ᾆξ’
479 643 521 692 οὖ
553 645 633 707 μὴν
665 644 781 692 ἀλλὰ
813 642 882 691 καὶ
919 646 944 702 ἡ
978 642 1137 700 βίβλος
1162 648 1237 689 τῶν
1272 647 1424 705 Κριτῶυ
1464 642 1676 704 σύμφωνος

203 719 254 769 ἂν
287 721 439 785 γένοιτο
474 727 530 787 τῷ
565 720 808 786 Ἀπόστολῳ·
856 720 948 774 τοὺς
982 725 1055 767 τῶν
1089 724 1243 783 Κριτῶν
1276 717 1434 783 χρόνους
1471 718 1540 767 καὶ
1573 718 1676 778 αὗτῆ

205 799 265 852 εἷς
298 798 368 858 ἐ’τη
399 801 627 863 συνάγουσα
662 798 703 846 υῗο
733 799 857 862 μέχρι
889 798 1100 859 Σαμουῆλ.
1135 795 1315 860 περιέχει
1351 796 1393 843 δὲ
1415 796 1524 844 κατὰ
1556 796 1675 862 μέρος

204 896 339 930 ουτως.

271 953 396 1001 Μετὰ
417 951 568 1012 Ἰησοῦν
589 951 708 1017 ἦρξαν
729 952 957 1014 ἀλλόφυλοι
1183 982 1203 991 -
1335 950 1406 1009 ’ἐτη
1429 951 1471 998 ν’.

143 1048 192 1075 10
271 1030 456 1087 Γοθονιὴλ
562 1061 580 1069 -
714 1060 735 1069 -
868 1059 889 1066 -
1024 1060 1044 1068 -
1178 1058 1196 1064 -
1332 1028 1402 1086 ἔτη
1424 1027 1471 1090 μ’

271 1104 511 1167 Ἀλλὸφυλοι
718 1137 737 1145 -
873 1136 892 1144 -
1027 1136 1046 1144 -
1179 1135 1199 1145 -
1334 1102 1400 1163 ιη’.

269 1182 363 1231 'Aah‘
383 1181 452 1231 καὶ
475 1183 664 1247 Σεμέγαρ
871 1213 892 1220 -
1026 1211 1049 1220 -
1182 1211 1202 1221 -
1335 1180 1392 1228 π’.

269 1259 512 1322 Ἀλλόφυλοι
721 1290 741 1299 -
875 1290 895 1298 -
1029 1290 1047 1297 -
1183 1289 1203 1298 -
1337 1256 1386 1305 κ’.

270 1338 414 1402 Βαρέικ
436 1336 504 1386 καὶ
526 1336 717 1403 Δεβορρα
881 1367 900 1375 -
1034 1366 1054 1375 -
1188 1366 1207 1373 -
1341 1334 1404 1397 μ’.

144 1434 190 1475 15
270 1413 513 1476 Ἀλλὸφυλοι
734 1444 753 1452 -
887 1443 908 1450 -
1043 1444 1062 1452 -
1197 1443 1216 1452 -
1353 1419 1378 1470 ζ
1381 1410 1405 1459 '.

268 1492 415 1541 Γεὸἔων
579 1523 600 1533 -
734 1523 753 1531 -
886 1522 905 1530 -
1040 1521 1060 1530 -
1193 1520 1213 1527 -
1346 1488 1404 1551 μ’.

268 1568 498 1634 Ἀβιμέλεχ
575 1600 595 1609 -
728 1599 748 1609 -
884 1599 904 1608 -
1039 1596 1057 1603 -
1193 1597 1213 1606 -
1346 1565 1401 1629 γ’.

271 1645 399 1694 Θῶλα
577 1675 596 1684 -
729 1677 749 1686 -
882 1677 903 1684 -
1036 1676 1057 1682 -
1347 1642 1427 1707 κγ’.

269 1721 390 1787 ’Ῑαεῖρ
580 1754 599 1763 -
733 1754 754 1761 -
888 1754 906 1761 -
1043 1753 1062 1761 -
1195 1752 1215 1761 -
1349 1719 1435 1778 κβ’.

143 1820 193 1846 20
269 1797 512 1860 Ἀλλὸφυλοι
735 1830 754 1839 -
889 1830 908 1839 -
1042 1829 1062 1838 -
1196 1829 1215 1837 -
1349 1819 1361 1845 ι
1389 1797 1414 1845 ’.

269 1875 428 1936 Ἰεφθάε
577 1908 597 1914 -
733 1908 751 1915 -
886 1907 905 1914 -
1350 1874 1399 1922 5‘.

268 1953 455 2011 Ἐσεβῶυ
548 1956 550 1958 ’
580 1983 598 1991 -
733 1985 752 1992 -
886 1984 905 1991 -
1040 1983 1058 1989 -
1193 1981 1213 1990 -
1347 1950 1397 2009 ζ’.

268 2030 398 2078 'Emona
578 2062 598 2070 -
887 2061 907 2070 -
1041 2060 1060 2068 -
1194 2058 1214 2065 -
1349 2026 1388 2075 ι’.

268 2107 415 2165 Ἀβὸὧν
579 2138 596 2145 -
733 2139 753 2148 -
888 2136 906 2143 -
1196 2135 1216 2141 -
1351 2103 1402 2162 η’.

143 2200 188 2241 25
268 2185 511 2248 Ἀλλόφυλοι
730 2216 749 2224 -
884 2215 903 2224 -
1037 2214 1057 2223 ..
1190 2212 1209 2218 -
1343 2180 1402 2244 μ’,

269 2265 448 2325 Σαμψὼν
578 2293 596 2301 -
732 2294 750 2302 -
883 2293 904 2300 -
1039 2291 1059 2300 -
1192 2290 1211 2298 -
1346 2257 1398 2307 κ’.

270 2338 401 2396 Ἐλεὶ,
426 2339 490 2401 ἔφ’
515 2340 559 2388 οὗ
582 2341 778 2404 Σαμουὴλ
886 2370 906 2379 -
1039 2369 1058 2377 -
1192 2369 1211 2376 -
1345 2335 1404 2399 μ’.

269 2417 398 2478 Ὁμοῦ
418 2416 473 2464 τὰ
497 2418 628 2465 πάντα
650 2418 704 2465 τὰ
727 2422 882 2482 Κριτῶν
1039 2448 1058 2454 -
1193 2447 1214 2455 -
1346 2436 1416 2473 ετη
1440 2436 1481 2461 vv
1495 2451 1506 2462 .

270 2497 468 2551 Συνῆκται
493 2494 534 2542 δὲ
556 2500 689 2542 ταῦτα
713 2493 935 2555 συμφώνως
959 2492 1017 2547 οἷς
1040 2492 1109 2542 καὶ
1132 2496 1150 2542 ὅ
1176 2492 1276 2559 ἱερός
1309 2490 1549 2543 ’Anda-rom
1572 2491 1668 2549 ε’ση-

142 2585 194 2623 3ο
204 2567 421 2631 μειῶσατο.
450 2570 545 2618 ἀλλ’
565 2569 650 2619 ἐπεὶ
672 2571 732 2633 μὴ
750 2570 1014 2629 κατείληκται
1039 2571 1077 2619 ἔν
1098 2571 1252 2624 τούτοις
1274 2572 1292 2617 o‘
1317 2568 1495 2622 Μωσέως
1516 2566 1669 2632 χρόνος,

204 2645 265 2707 μὴ
287 2643 319 2692 3'
344 2646 363 2692 ὅ
384 2644 517 2703 Ἰησοῦ
539 2653 608 2695 τοῦ
631 2648 811 2701 Μωσέως
845 2646 1044 2711 διαδόχου,
1068 2649 1126 2711 μὴ
1151 2647 1182 2695 3’
1207 2650 1226 2695 ὅ
1248 2653 1316 2695 τοῦ
1338 2645 1548 2708 Σαμουὴλ,
1575 2641 1668 2706 μηδ’

206 2723 226 2769 ὖ
253 2727 322 2770 τοῦ
350 2721 498 2769 Σαούλ·
540 2723 594 2771 τοι
625 2725 699 2786 μὲν
733 2730 802 2773 τοῦ
836 2725 1032 2787 Σαμουὴλ
1067 2724 1134 2772 καὶ
1170 2723 1306 2773 Σαοὺλ
1337 2723 1433 2776 τέως
1463 2723 1501 2771 ἔν
1535 2723 1669 2786 ἀδήλῳ

207 2797 362 2856 κείσθω,
387 2796 455 2845 καὶ
478 2798 532 2846 τὰ
553 2805 621 2847 τοῦ
651 2800 796 2859 Ἰησοῦ·
833 2801 911 2849 ἀπὸ
941 2802 983 2850 δὲ
1010 2808 1079 2850 τοῦ
1102 2801 1341 2850 Ἀποστὸλου
1363 2801 1417 2848 τὰ
1441 2806 1508 2847 τοῦ
1530 2798 1669 2846 Σαούλ

208 2874 279 2933 ἔτη
301 2874 347 2937 μ’
368 2875 613 2939 προσκείσθω
645 2883 728 2930 τοῖς
758 2884 831 2925 τῶν
866 2883 1018 2942 Κρΐτων
1052 2878 1176 2936 ἔτεσι,
1200 2878 1267 2925 υυ’·
1304 2876 1359 2930 οἷς
1393 2873 1668 2936 συναπτόμενα

145 2967 196 3008 35
209 2950 277 3000 καὶ
299 2950 355 2999 τὰ
376 2957 445 2999 τοῦ
467 2950 611 3009 Δαβὶὸ
631 2951 692 3015 μ’,
714 2955 770 3001 τά
797 2976 841 3002 τε
875 2960 1128 3017 Σολομῶντος
1163 2954 1196 3003 3¹
1220 2954 1304 3013 ἔτη,
1327 2954 1381 3000 τὰ
1414 2953 1546 2999 πάντα
1566 2956 1675 2997 ποιεῖ

880 3044 908 3071 Α
928 3045 953 3072 a
974 3042 998 3074 2
