1982 3360
658 243 835 283 INDEX
865 241 1203 282 HISTORICUs.

205 356 435 400 Antoninus,
455 356 621 399 Marcus,
638 355 852 406 Imperator
869 362 908 392 et

258 411 526 461 Philosophus,
549 409 640 459 285.

204 463 434 507 Antoninus,
457 463 530 502 vid.
553 462 758 501 Caracalla.

205 517 421 556 Antoninus
482 516 757 567 Heliogabalus
821 524 909 567 post

257 571 473 610 Macrinum
507 572 719 622 Imperator
747 578 907 612 creatus,

258 626 323 674 46.
358 638 380 663 a
406 624 587 663 militibus
616 623 798 662 occiditur
821 637 908 662 cum

260 688 380 717 matre
399 678 597 723 Soaemide‚
617 689 684 727 47.

202 732 398 771 Antonius
417 733 584 777 Marcus,
607 731 765 769 Caesaris
790 731 909 769 inter-

261 787 421 825 fectores
452 787 579 824 Roma
614 785 726 837 ejicit,
757 797 819 830 21,
848 796 909 834 24.

261 842 310 878 ab
345 839 505 878 Octavio
543 841 692 879 Caesare
730 839 909 884 devictus,

265 905 356 944 275,
378 906 443 943 32·

206 947 365 986 Antonii
383 948 507 986 Marci
534 947 648 985 frater
674 945 825 985 Perusia
842 945 910 983 ob-

262 1015 399 1046 sessus,
423 1014 485 1047 22,
508 1012 543 1051 5.

207 1055 394 1093 Antonius
416 1055 646 1099 Monachus,
663 1066 728 1104 92,
757 1067 788 1091 1.

207 1109 292 1147 Aod
311 1110 437 1147 Judex
457 1109 725 1151 Israelitarum‚
745 1108 832 1157 189,
851 1106 912 1144 16.

207 1162 393 1214 Apaturia
440 1163 574 1200 festum
619 1162 719 1200 unde
752 1162 911 1205 dictum,

264 1218 356 1267 383³
375 1229 415 1277 9:
566 1269 573 1277 ¹

209 1271 461 1322 Apollinarius
502 1271 713 1321 Episcopus
750 1269 912 1307 Alexan-

266 1324 368 1367 driae,
394 1337 481 1368 110,
501 1336 561 1362 22.

211 1377 467 1429 Apollinarius
528 1375 789 1422 Laodicensis,
833 1375 914 1425 ejus

265 1432 455 1484 dogmata,
475 1442 540 1481 97,
565 1443 627 1479 24.

211 1485 476 1537 Apollodorus,
497 1485 577 1533 ejus
598 1483 853 1535 Chronologia
868 1483 914 1521 de

267 1539 388 1577 reditu
409 1538 711 1583 Heraclidarum,
740 1549 827 1586 140,
854 1550 869 1574 1
884 1550 913 1574 1.

212 1592 403 1644 Apollonii
427 1592 634 1643 Tyanensis
654 1590 844 1629 Vaticinia
869 1591 915 1628 de

269 1653 391 1684 morte
413 1645 505 1691 Titi,
535 1657 598 1695 27,
620 1656 683 1695 27.
712 1653 752 1682 et
779 1646 915 1683 Domi-

268 1699 374 1744 tiani,
399 1712 461 1749 29.

212 1753 432 1804 Apsimarus
451 1751 515 1803 qui
537 1760 579 1790 et
595 1750 768 1790 Tiberius
789 1751 917 1789 Leon-

269 1806 363 1844 tium
381 1808 650 1857 Imperatorem
666 1818 781 1857 regno
796 1804 916 1856 pellit,

269 1861 336 1899 sed
382 1873 474 1898 mox
517 1861 599 1911 ipse
643 1872 666 1896 a
701 1858 918 1897 Justiniano

270 1914 523 1952 Rhinotmeto
542 1921 746 1951 amovetur
780 1920 820 1949 et
855 1925 918 1949 ca-

270 1967 347 2019 pite
366 1967 581 2011 mulctatur,
605 1978 696 2016 347.
718 1967 809 2015 348.

214 2021 392 2073 Aquileia
415 2020 628 2059 Maximino
653 2022 804 2058 obsessa
831 2027 870 2056 et
898 2031 920 2056 a

269 2074 412 2114 civibus
459 2075 594 2113 acriter
640 2074 806 2118 defensa,
854 2082 918 2122 52.

274 2130 363 2174 282,
390 2141 451 2178 13.

215 2182 359 2221 Arabes
396 2183 562 2221 Leontio
606 2189 786 2233 regnante
822 2179 920 2218 Afri-

271 2249 354 2275 cam
375 2236 572 2278 invadunt,
594 2245 685 2285 345,
710 2235 772 2273 26.

217 2291 353 2328 Ararat
389 2303 499 2327 mons
535 2289 698 2333 Pisidiae,
732 2300 820 2337 233,
861 2299 919 2325 10.

276 2343 366 2388 280,
392 2355 453 2393 19.
501 2342 703 2385 Armeniae,
722 2341 811 2380 ibid.

219 2397 384 2434 Arbaces
433 2396 572 2434 Medus
623 2395 919 2447 Sardanapalum

274 2449 402 2495 vincit,
425 2461 516 2498 230,
539 2459 600 2499 25.

221 2504 448 2555 Arbogastes
469 2503 633 2540 Francus
663 2501 856 2540 Bandonis
876 2502 919 2539 fi-

275 2556 358 2601 lius,
390 2560 470 2608 eJus
499 2563 607 2594 atrox
648 2555 844 2606 ingenium
883 2563 922 2593 et

276 2609 467 2654 violentia,
496 2611 562 2658 65,
586 2609 647 2646 28.
687 2607 920 2646 Valentinia-

275 2677 367 2700 num
400 2664 590 2714 juniorem
624 2662 814 2705 interficit,
854 2662 920 2699 66.

274 2716 488 2768 Eugenium
510 2715 558 2753 ad
587 2714 785 2766 imperium
808 2715 922 2752 Occi-

274 2770 398 2808 dentis
437 2777 644 2821 promovet,
685 2768 751 2812 66,
792 2779 854 2805 22.
902 2781 923 2805 a

274 2823 492 2861 Theodosio
538 2821 672 2873 proelio
723 2820 842 2859 victus
883 2833 923 2858 se

277 2876 399 2928 ipsum
420 2875 603 2921 confodit,
623 2875 691 2925 67,
715 2886 775 2923 24.

223 2929 383 2968 Arcadia
423 2928 627 2968 Pulcheriae
670 2940 786 2972 soror,
839 2939 926 2972 100,

284 2996 343 3020 12.

1584 242 1666 279 383

961 352 1144 391 Arcadius
1168 352 1239 390 sub
1264 351 1407 389 Rufino
1432 359 1572 396 tutore,
1598 351 1664 400 67,

1021 407 1082 445 28.
1111 407 1318 457 imperator
1343 405 1390 443 ab
1418 404 1582 444 exercitu
1607 418 1667 443 sa-

1018 460 1257 504 lutatur,68,
1283 470 1344 508 17.

965 517 1080 553 Arcas
1113 528 1135 551 a
1165 527 1240 564 quo
1266 512 1425 552 Arcadia
1456 511 1665 557 nominata,

1026 568 1113 617 189,
1137 578 1198 617 25.

964 623 1196 661 Ardaburius
1211 620 1371 672 Asparis
1386 620 1484 658 filius
1504 633 1526 658 a
1539 621 1666 659 Theo-

1021 676 1126 714 dosio
1156 683 1288 714 contra
1319 675 1511 713 Joannem
1548 674 1667 712 mitti-

1019 739 1092 775 tur,
1115 741 1179 779 71.
1212 739 1277 778 77,
1303 730 1364 767 28.

966 783 1214 828 Areobindus,
1230 786 1309 834 ejus
1329 790 1518 821 certamen
1539 782 1666 833 singu-

1020 837 1097 876 lare
1116 850 1202 876 cum
1225 838 1339 875 Persa
1357 850 1469 888 quem
1492 835 1667 881 devincit,

1020 903 1112 941 309,
1140 900 1199 941 15.

966 946 1152 997 Areopagi
1182 945 1228 983 de
1248 944 1385 982 Oreste
1407 943 1608 993 judicium,
1627 954 1667 993 4,

1024 1009 1089 1049 25.

967 1053 1190 1104 Argivorum
1211 1053 1349 1104 Reges,
1365 1064 1496 1089 eorum
1510 1050 1605 1090 ordo
1623 1063 1669 1089 ex

982 1133 986 1136 -
1022 1109 1192 1150 Castore,
1217 1105 1413 1156 135—136.

967 1162 1269 1212 Argonautarum
1315 1159 1520 1211 expeditio,
1567 1170 1671 1209 194-

1030 1215 1116 1265 196.

969 1268 1177 1320 Argyrippa
1199 1266 1381 1305 Calabriae
1411 1267 1498 1304 urbs
1524 1279 1546 1304 a
1576 1266 1670 1304 Dio-

1025 1323 1134 1360 mede
1154 1322 1323 1365 fundata,
1348 1321 1436 1364 216,
1463 1334 1525 1360 ῐο.

970 1376 1201 1414 Artabasdus
1227 1375 1493 1413 Armeniorum
1519 1374 1673 1425 praefee-

1023 1437 1099 1473 tus,
1120 1439 1211 1479 351,
1237 1442 1298 1466 11.

971 1482 1135 1521 Ariadne
1176 1482 1344 1521 Zenonis
1390 1495 1495 1528 uxor,
1531 1482 1594 1525 80,
1634 1494 1672 1531 9.

1025 1549 1117 1587 314,
1140 1549 1178 1586 3·

970 1591 1130 1629 Arianus
1181 1591 1375 1642 presbyter
1431 1587 1674 1628 Constantini

1025 1644 1158 1696 Magni
1190 1644 1407 1682 testamenti
1437 1650 1565 1681 custos
1594 1655 1675 1693 93—

971 1710 1208 1789 Ari9s‘tlribulus
1222 1751 1245 1788 J
1251 1750 1439 1788 udaeorum
1464 1750 1560 1795 Rex,
1584 1760 1672 1801 159,

1034 1805 1092 1842 18.
1127 1815 1216 1854 273,
1238 1816 1300 1853 23.

972 1858 1232 1896 Aristodemus
1251 1857 1380 1901 Eleus,
1401 1860 1481 1908 ejus
1502 1857 1674 1895 Chrono—

1028 1911 1128 1964 logia
1147 1912 1194 1949 de
1208 1911 1327 1949 Ludis
1342 1910 1564 1962 Olympicis,
1589 1920 1674 1959 141,

1032 1978 1051 2003 2
1064 1979 1076 2003 1
1087 1995 1095 2004 .

975 2019 1196 2057 Aristoteles
1241 2019 1289 2056 de
1334 2017 1480 2070 origine
1525 2018 1676 2061 Romae,

1039 2073 1124 2117 162,
1151 2086 1183 2110 1.

975 2126 1085 2164 Arius
1106 2125 1304 2178 AEgyptius
1324 2124 1440 2176 pugil,
1463 2135 1549 2175 154,
1571 2125 1607 2162 6.

976 2179 1169 2217 Armatius
1189 2182 1265 2217 sive
1285 2180 1507 2217 Harmatius
1528 2178 1677 2216 Zenoni

1029 2233 1244 2285 imperatori
1265 2231 1420 2281 insidias
1447 2232 1556 2270 struit
1582 2243 1675 2281 314,

1031 2299 1095 2326 21.

975 2339 1248 2379 Armorichiani
1276 2339 1348 2386 (sic
1375 2341 1476 2377 enim
1509 2340 1580 2392 leg.
1610 2353 1678 2392 pro

1029 2396 1301 2445 Αἴμοριχιανοὺς),
1324 2404 1389 2443 73,
1410 2406 1472 2442 34.

975 2450 1132 2487 Arsaces
1162 2448 1245 2486 Rex
1277 2448 1500 2485 Parthorum
1535 2445 1676 2484 Antio-

1030 2503 1144 2540 chum
1168 2503 1333 2539 Sidetem
1356 2500 1483 2545 vincit,
1504 2500 1569 2538 sed
1598 2502 1679 2550 ipse

1030 2556 1171 2593 bellum
1199 2568 1332 2607 gerens
1358 2562 1490 2593 contra
1520 2554 1679 2605 Scythas

1034 2610 1140 2659 perit,
1167 2619 1227 2658 15,
1254 2608 1316 2646 16.

977 2662 1150 2700 Arsacius
1171 2662 1284 2700 frater
1304 2660 1470 2700 Nectarii
1489 2660 1678 2696 Constan-

1031 2715 1212 2766 tinopolis
1244 2715 1470 2766 Episcopus,
1509 2723 1574 2762 99,
1617 2725 1677 2749 11.

1032 2778 1124 2818 307
1147 2780 1211 2817 30·

979 2821 1155 2859 Arsenius
1179 2834 1201 2859 a
1223 2819 1439 2859 Theodosio
1465 2817 1677 2862 arcessitus,

1033 2886 1084 2923 30
1152 2887 1213 2912 11.

982 2884 1140 2965 Arsin-{e
1193 2928 1240 2965 ab
1286 2925 1514 2977 Agathoclea
1564 2923 1681 2963 inter-

1033 2989 1174 3031 empta,
1195 2993 1232 3030 9,
1255 2992 1319 3029 30.
