1898 3302
552 641 642 682 EK
685 640 831 683 ΤΩΝ
874 639 1008 683 ΤΟΥ
1057 638 1406 688 Ε’ΥΣΕΒΙΟΥ

665 781 1289 838 ΧΡΟΝΙΚΩΝ.

793 971 1168 999 ,ᾀ-

303 1113 449 1152 SATIS
478 1122 612 1152 notum
640 1124 699 1154 est
728 1115 785 1161 iis,
806 1116 870 1167 qui
899 1116 972 1155 Rei
1003 1116 1292 1167 Chronologicae
1322 1115 1487 1154 studium
1522 1116 1716 1169 impende—

248 1187 347 1223 runt,
368 1180 449 1216 Jos.
466 1179 696 1232 Scaligerum
722 1181 760 1218 in
790 1196 929 1234 magno
959 1194 1075 1233 opere
1104 1181 1203 1231 quod
1233 1181 1470 1219 Thesaurum
1502 1190 1716 1234 temporum

211 1240 490 1295 Snuncupavit,
520 1259 638 1295 quum
663 1249 744 1297 Jam
781 1247 828 1284 ad
862 1248 974 1284 finem
1009 1245 1148 1284 laboris
1181 1245 1515 1296 appropinquaret,
1543 1248 1716 1298 quaedam

246 1307 438 1359 Excerpta
462 1310 678 1349 Eusebiana
707 1313 895 1363 accepisse
927 1311 1144 1350 Casauboni
1173 1310 1368 1354 beneficio,
1390 1325 1473 1361 quae
1503 1311 1653 1349 maximi
1683 1312 1717 1350 ei

245 1384 326 1410 esse
345 1373 456 1424 pretii
474 1373 552 1412 visa
571 1383 671 1420 sunt,
694 1376 746 1413 ita
764 1386 808 1414 ut
835 1390 912 1414 non
941 1375 1166 1414 dubitaverit
1191 1388 1235 1413 ea
1261 1375 1359 1413 inter
1386 1376 1558 1414 addenda
1578 1377 1717 1428 Operis

245 1435 304 1474 sui
333 1437 508 1483 inserere,
530 1446 572 1476 ut
600 1440 680 1491 ipse
700 1441 826 1479 refert.
874 1442 987 1490 (Scal.
1007 1443 1189 1480 Thesaur.
1209 1443 1343 1493 Temp.
1364 1442 1456 1479 edit.
1477 1442 1604 1493 Lugd.
1628 1443 1715 1481 Bat.

250 1502 366 1540 1606.
396 1503 571 1542 Addend.
589 1517 628 1556 p.
648 1507 754 1555 ²13·)
789 1513 813 1527 “
832 1507 926 1545 Haec
946 1506 1074 1545 onmia
1088 1508 1299 1559 fragmenta
1318 1507 1422 1544 omni
1445 1507 1555 1545 laude
1574 1508 1717 1557 majora

185 1564 271 1590 ¹0⁶⁶
291 1568 544 1619 superioribus
573 1570 718 1615 diebus,
747 1575 829 1624 jam
861 1573 1034 1610 absoluto
1069 1574 1229 1611 Canone
1262 1573 1397 1610 Graeco
1434 1572 1665 1617 Eusebiano,
1694 1586 1717 1610 a

246 1637 273 1654 “
295 1633 603 1683 praestantissimo
649 1649 880 1688 summaeque
917 1637 1139 1676 eruditionis
1176 1637 1270 1674 Viro
1317 1638 1448 1674 Isaaco
1487 1637 1715 1674 Casaubono

247 1703 271 1718 “
292 1697 516 1749 accepimus,
537 1707 581 1737 ut
608 1701 680 1739 hoc
699 1702 836 1740 eximio
856 1703 1039 1741 beneficio
1058 1703 1171 1740 etiam
1200 1701 1371 1753 privatim
1403 1702 1450 1740 de
1480 1701 1589 1740 nobis
1619 1702 1716 1739 bene

248 1767 272 1782 ‘¹
294 1771 464 1807 mereret,
486 1763 548 1814 qui
568 1765 615 1802 de
635 1765 745 1804 nobis
765 1766 916 1817 publice
936 1767 1070 1805 mereri
1094 1780 1171 1804 non
1198 1774 1343 1805 cessat:
1375 1765 1406 1803 si
1435 1774 1563 1804 tamen
1593 1767 1715 1818 priva-

247 1831 273 1847 “
293 1834 374 1864 tum
396 1827 630 1866 benefactum
652 1832 861 1870 vocandum
888 1842 959 1879 est,
980 1833 1082 1884 quod
1102 1846 1180 1870 non
1200 1832 1321 1870 solum
1343 1831 1382 1869 in
1404 1846 1486 1875 nos,
1507 1832 1572 1870 sed
1598 1831 1713 1870 etiam

186 1889 272 1930 ¹5“
292 1891 332 1929 in
361 1904 495 1930 omnes
524 1892 715 1932 literarum
745 1897 948 1941 studiosos,
979 1905 1092 1948 atque
1118 1897 1212 1934 adeo
1243 1896 1280 1934 in
1315 1896 1440 1935 literas
1471 1897 1570 1948 ipsas
1599 1897 1716 1935 colla-

248 1962 273 1978 “
295 1964 376 1994 tum
401 1965 471 1996 est.
528 1959 682 1999 Quanta
695 1962 844 2010 jactura
871 1960 983 1998 fuerit
1011 1961 1084 1998 illis
1113 1974 1252 2005 carere,
1274 1975 1351 1999 non
1366 1961 1552 2013 judicabit
1580 1961 1654 1999 nisi
1682 1961 1714 1999 is

248 2027 274 2043 '⁶
294 2021 358 2073 qui
378 2031 521 2073 quanta
550 2023 689 2062 utilitas
718 2024 767 2062 sit
794 2026 868 2063 illis
898 2025 982 2068 frui„
1002 2025 1198 2077 intelliget.
1258 2027 1354 2063 Vere
1380 2026 1594 2064 Eusebiana
1620 2039 1714 2072 esse,

246 2094 272 2109 “
291 2086 406 2125 etiam
427 2089 459 2125 si
479 2101 618 2126 nomen
638 2089 795 2128 Eusebii
815 2090 1036 2140 Eclogarius
1056 2089 1092 2127 in
1110 2090 1335 2140 quibusdam
1358 2104 1432 2128 non
1454 2089 1712 2139 interjecisset‚

246 2158 271 2173 ‘⁸
293 2165 370 2190 non
399 2152 549 2191 difficile
578 2153 649 2192 fuit
682 2154 735 2192 illi
768 2155 956 2208 colligere,
978 2156 1043 2207 qui
1071 2155 1234 2206 aliquem
1268 2168 1378 2193 usum
1412 2155 1710 2193 Eusebianorum

184 2220 233 2247 20
246 2223 271 2238 “
291 2219 514 2269 scriptorum
536 2219 688 2257 habet.’'

299 2282 406 2321 Idem
426 2283 521 2322 etin
543 2284 757 2336 Prolegom.
797 2292 823 2307 ‘⁶
842 2286 1010 2324 Accessit
1038 2285 1095 2323 his
1121 2285 1294 2324 cumulus
1322 2285 1501 2324 comitate
1527 2285 1710 2334 ejusdem,

247 2351 272 2368 ‘⁶
291 2360 402 2398 quem
431 2349 544 2387 modo
571 2349 774 2396 nominavi,
796 2349 1093 2402 praestantissimi
1113 2349 1195 2387 Viri
1229 2350 1479 2400 (Casauboni)
1511 2353 1714 2387 σταδιονῒκαι

247 2416 273 2433 “
291 2420 331 2450 et
357 2412 430 2450 alia
458 2412 685 2452 immortalia
713 2423 972 2460 monumenta,
993 2429 1076 2466 quae
1107 2415 1144 2453 in
1177 2415 1318 2454 calcem
1347 2417 1566 2454 Graecorum
1591 2417 1711 2454 Euse-

247 2480 272 2497 “
293 2475 489 2515 bianorum
510 2479 756 2530 conjecimus,
778 2480 878 2531 quod
898 2493 943 2518 ea
961 2493 1044 2518 sero
1063 2479 1376 2531 accepissemus.''

186 2538 232 2579 25
302 2539 396 2578 Haec
424 2549 550 2580 autem
574 2555 659 2581 vere
678 2556 760 2581 esse
779 2553 955 2595 excerpta
983 2557 1028 2583 ex
1047 2544 1244 2596 deperdito
1264 2546 1399 2584 Graeco
1418 2545 1571 2584 Eusebii
1594 2554 1710 2591 textu,

248 2610 336 2653 post
365 2605 505 2644 editam
536 2607 800 2646 Armeniacam
834 2609 1058 2647 Versionem
1092 2623 1207 2661 opera
1243 2612 1287 2650 P.
1314 2612 1376 2649 Jo.
1407 2613 1520 2662 Bapt.
1547 2611 1709 2650 Aucher.

250 2668 385 2705 Venet.
410 2669 523 2714 1818,
553 2671 678 2709 nullus
706 2672 867 2723 amplius
896 2682 955 2711 est
979 2673 1132 2713 relictus
1162 2675 1407 2713 dubitationis
1436 2675 1554 2714 locus.
1611 2677 1710 2713 Cum

249 2744 336 2769 vero
362 2730 401 2768 in
420 2732 542 2784 Regia
561 2734 662 2774 Bibl.
685 2737 800 2775 Paris.
820 2736 1035 2775 incidissem
1060 2737 1099 2775 in
1126 2737 1263 2789 ipsum,
1285 2748 1327 2777 ut
1346 2739 1492 2791 opinor,
1514 2740 1708 2782 Codicem,

249 2808 270 2833 e
289 2808 364 2845 quo
389 2807 456 2832 sua
473 2809 559 2834 cum
582 2798 768 2850 Scaligero
787 2803 1069 2840 communicata
1088 2802 1370 2855 deprompserat
1391 2805 1651 2848 Casaubonus,
1671 2813 1711 2841 et

185 2871 236 2908 30
250 2873 337 2899 cum
357 2872 402 2897 ea
420 2872 551 2910 parum
570 2861 730 2901 fideliter
751 2865 974 2916 expressisse
992 2865 1091 2904 visus
1119 2875 1178 2904 est
1206 2867 1383 2919 Scaliger,
1404 2869 1502 2906 haud
1522 2868 1709 2919 ingratum

250 2924 330 2963 fore
359 2925 527 2976 reputavi
552 2923 637 2963 viris
666 2927 905 2979 antiquorum
934 2939 1267 2969 monumentorum
1298 2932 1488 2975 studiosis,
1515 2931 1543 2969 si
1576 2943 1621 2968 ea
1649 2929 1709 2967 in-

948 3005 1022 3037 Q2
