1898 3302
440 216 514 256 ΕΚ
542 215 660 256 ΤΩΝ
689 215 801 254 ΤΟΤ
830 214 1104 253 ΕΤΣΕΒΙΟΎ·
1132 214 1440 254 ΧΡΟΝΙΚΩΝ.
1596 214 1681 257 157

281 326 478 391 Ἀβραὰμ
500 326 609 389 μετὰ
631 326 791 373 θάνατον
812 330 881 372 τοῦ
903 323 1054 390 πατρὸς
1183 355 1204 363 -
1337 323 1408 383 ἔτη
1430 323 1481 389 ρ’.

277 403 423 451 Ἰσαὰκ
563 432 583 442 -
716 432 736 443 -
874 433 894 442 -
1028 433 1048 441 -
1182 432 1202 440 -
1336 400 1406 459 ἔτη
1428 400 1477 457 ξ’.

277 482 429 538 Ἰακὼβ
568 511 588 519 -
722 510 741 518 -
876 510 895 518 -
1030 509 1050 518 -
1184 509 1204 518 -
1338 479 1408 537 ’ἔτη
1430 477 1535 544 ρκα’.

277 557 443 618 Ἰωσὴφ,
469 557 507 605 ἓν
529 555 586 611 οἷς
609 557 727 621 ἄρχει
751 556 959 620 Αἰγύπτου
1029 586 1049 595 -
1182 586 1203 595 -
1335 556 1404 615 ’ἔτη
1428 555 1483 603 π’.

177 656 199 696 5
277 636 466 700 “Εβραἰ“οι
491 635 737 683 δουλεύουσιν
760 635 998 699 Αἰγυπτίοις
1183 663 1203 670 -
1339 633 1408 692 ἕτη
1430 632 1512 697 ρμ’.

279 715 500 772 Μωυσῆς’
484 736 520 761 εν
543 719 595 779 τῇ
618 713 748 778 ερῆμω
874 743 894 751 -
1028 741 1048 751 -·
1183 742 1202 750 —
1336 711 1406 769 ἔτη
1430 710 1488 773 μ’.

277 789 476 849 Ἰησοῧς”
455 791 556 849 οεϊη1
725 821 746 829 -
879 820 899 828 -
1033 820 1053 828 -
1187 819 1206 827 -
1340 788 1409 847 ’ἔτη
1434 786 1513 846 κζ’.

822 923 882 970 O1‘
907 921 1082 970 Kmui.

279 1023 495 1082 Γοθονιὴλ2
726 1054 745 1061 -
879 1053 899 1062 -
1032 1053 1052 1061 -
1187 1053 1207 1060 -
1341 1021 1411 1080 ἔτη
1434 1021 1493 1083 μ’.

156 1122 201 1147 ιο
277 1100 375 1149 ’ωὸ3
573 1129 593 1138 -
728 1131 746 1139 -
881 1131 900 1138 -
1035 1131 1054 1138 -
1188 1131 1208 1138 -
1341 1099 1412 1156 ’ἐτη
1434 1098 1489 1147 π’.

279 1176 472 1241 Δεβορρα
495 1176 563 1225 καὶ
586 1178 728 1242 Βαρᾶκ
879 1208 899 1216 ·-
1034 1207 1053 1216 -
1188 1207 1207 1216 -
1341 1176 1411 1234 ἐ’τη
1434 1175 1493 1238 μ’.

281 1256 427 1303 Γεδεὼν
573 1285 593 1293 -
726 1286 745 1292 -
881 1285 900 1293 -
1035 1284 1054 1292 -
1189 1285 1208 1292 -
1343 1253 1413 1312 ἔτη
1435 1252 1495 1315 μ’.

278 1332 550 1396 Ἀμιμέλεχ4
724 1362 743 1370 -
877 1361 896 1370 -
1029 1363 1049 1369 -
1185 1362 1206 1369 -
1341 1331 1411 1389 ἔτη
1434 1330 1493 1392 μ’.

279 1419 364 1459 ωλᾶ
376 1411 395 1441 5
569 1439 589 1447 -
724 1440 743 1447 -
879 1440 898 1448 -
1032 1440 1053 1447 -
1189 1439 1208 1447 -
1341 1408 1412 1467 ’ἔτη
1435 1406 1521 1464 “fi‘-

155 1514 199 1555 15
278 1488 399 1552 ’Ῑαεὶρ
569 1519 587 1526 -
723 1518 743 1526 -
877 1519 896 1526 -
1032 1518 1051 1528 -
1186 1518 1206 1526 -
1341 1486 1411 1545 ’ἔτη
1435 1484 1520 1542 κβ’.

278 1565 436 1627 Ἰεφθάε
572 1596 592 1604 -
726 1596 746 1604 -
879 1596 899 1604 -
1033 1597 1051 1603 -
1186 1596 1207 1604 -
1341 1563 1411 1622 ἔτη
1435 1563 1487 1615 ς’.

279 1642 463 1698 Ἐσεβὼν
570 1673 589 1681 -
723 1673 743 1681 -
876 1674 895 1681 -
1031 1674 1050 1680 -
1185 1672 1205 1680 -
1341 1642 1411 1701 ἔτη
1435 1641 1488 1701 ζ’.
1526 1642 1528 1644 V

282 1721 414 1776 αβὸὢν
426 1719 461 1777 6,
486 1717 549 1768 ἐπὶ
573 1719 710 1768 τούτου
733 1718 778 1767 τὸ
794 1717 917 1768 Ἴλιον
940 1721 1044 1767 ἑάλω
1186 1750 1205 1760 -·
1339 1719 1410 1779 ἔτη
1433 1717 1485 1778 η’.

282 1799 460 1860 Σαμψὼν
574 1827 592 1834 -
727 1827 746 1835 -
881 1828 899 1835 -
1034 1827 1054 1836 -
1187 1828 1208 1837 -
1342 1797 1412 1856 ’ἔτη
1435 1795 1485 1845 κ’.

155 1902 204 1928 20
281 1873 398 1922 Ἐλεῖ
423 1873 547 1937 ἱερεὺς
728 1903 747 1911 -
881 1904 898 1911 ·
1036 1904 1056 1913 -
1190 1905 1209 1912 -
1345 1874 1414 1932 ’ἐτη
1437 1873 1496 1936 μ’.

283 1952 480 2014 Σαμουὴλ
503 1949 570 1998 καὶ
594 1950 733 1998 Σαοὺλ
882 1981 903 1988 -
1037 1982 1057 1989 -
1192 1981 1213 1988 -
1347 1951 1417 2009 ἐ’τη
1440 1950 1501 2013 μ’.

281 2030 412 2091 Ὁμοῦ
435 2028 505 2087 ἕτη
772 2027 858 2091 μεθ’
883 2026 947 2081 οὓς
967 2032 1227 2087 κατέστησαν
1250 2033 1334 2085 βα-

218 2113 349 2160 σιλεῖς
369 2104 447 2163 ἀπὸ
471 2111 544 2163 τῆς
563 2104 690 2153 Ἰούδα
716 2112 867 2166 φυλῆς,
892 2102 940 2153 ὧν
962 2113 1109 2172 πρῶτος
1134 2105 1242 2153 Δαὶὸ
1348 2104 1417 2159 ἔτη
1440 2102 1500 2166 μ’.

283 2186 470 2246 Σολομὼν
582 2213 602 2222 -
735 2214 755 2222 -
889 2214 910 2221 —
1043 2214 1063 2223 -
1196 2214 1214 2221 -
1351 2204 1421 2240 ετη
1444 2180 1503 2243 μ’.

157 2289 204 2329 25
283 2267 370 2319 Τῆς
392 2260 616 2318 βασιλείας
651 2257 923 2322 ὃιαιρεθεισης,
948 2261 1011 2309 δύο
1043 2268 1180 2322 φυλῶν
1202 2282 1324 2323 μονων
1346 2263 1370 2319 ἡ
1395 2281 1500 2307 κατα
1521 2257 1691 2322 “lepooo-

219 2349 332 2402 λυμα
352 2360 490 2402 ’γεγονε
514 2337 730 2394 βασιλεια·
766 2340 791 2397 ἦ
814 2339 855 2385 δε
874 2344 947 2386 τῶν
970 2339 1106 2401 ἑτέρων
1129 2338 1225 2386 δεκα
1248 2332 1397 2398 φυλῶν,
1413 2359 1519 2384 κατα
1541 2336 1691 2397 Σαμά-

218 2437 324 2478 ρειαν
354 2414 556 2480 ἀπεκρίθη,
578 2437 646 2462 και
682 2415 878 2478 ἔλεγοντο,
904 2416 941 2463 οἱ
972 2416 1045 2479 μὲν
1077 2416 1114 2464 ἔν
1143 2417 1449 2481 Ἱεροσολύμοις,
1472 2419 1540 2461 τοῦ
1562 2412 1690 2460 Ἰούδα

222 2498 430 2549 βασιλεῖς,
454 2493 491 2540 οἷ
523 2493 563 2540 δὲ
596 2493 702 2540 κατὰ
736 2494 984 2557 Σαμάρειαν,
1001 2498 1070 2541 τοῦ
1104 2495 1285 2557 Ἰσραήλ.
1320 2493 1455 2557 ῥητέον
1477 2491 1520 2538 δὲ
1542 2496 1690 2554 πρῶτον

221 2569 313 2622 τοὺς
337 2568 413 2616 ἀπὸ
435 2576 503 2617 τοῦ
528 2570 667 2625 Ἰούδα,
691 2567 766 2617 ἅτε
790 2568 857 2617 καὶ
885 2568 962 2616 ἀπο
981 2576 1050 2618 τοῦ
1073 2575 1297 2626 βασιλικοῦ
1319 2570 1453 2634 γένους
1468 2568 1500 2615 7.
1543 2569 1560 2614 ὅ
1583 2566 1690 2631 γὰρὸ

159 2669 210 2706 30
223 2653 371 2709 πρῶτος
403 2647 649 2711 Σαμαρείας,
685 2644 757 2695 εἶτ’
782 2645 844 2695 οἶν
874 2653 941 2695 τοῦ
976 2649 1144 2712 Ἰσραὴλ
1179 2648 1383 2705 βασιλεὺς
1414 2650 1432 2695 o‘
1459 2645 1689 2710 Ἱεροβοᾶμ,

223 2725 354 2776 δοῦλος
381 2721 425 2781 ἦν
447 2722 513 2770 καὶ
536 2724 771 2783 ἀποστάτης
793 2730 861 2772 τοῦ
883 2725 1066 2787 Ῥοβοᾶμ
1088 2731 1157 2773 τοῦ
1182 2726 1262 2774 υἶοῦ
1286 2731 1554 2787 Σολομῶντος,

288 2798 470 2860 Ῥοβοᾶμ
677 2830 697 2839 -
831 2830 850 2837 -
987 2833 1004 2839 -
1140 2834 1158 2840 -
1189 2821 1192 2824 ·
1294 2802 1363 2861 ’ἔτη
1388 2800 1456 2859 ιζ’.

279 2925 294 2955 1
316 2927 423 2964 abest
441 2939 463 2964 a
482 2927 578 2965 Scal.
652 2925 671 2956 2
688 2929 836 2974 Ὀθονιὴλ
856 2930 952 2968 Scal.
1026 2930 1045 2959 3
1064 2934 1145 2969 ’Λωδ
1165 2930 1263 2969 Scal.
1347 2929 1364 2958 4
1383 2928 1570 2977 Ἀβιμέλεχ
1590 2923 1688 2963 Scal.

225 2981 242 3009 5
262 2986 366 3019 Θωλᾶ
381 2979 479 3018 Scal.
536 2978 554 3007 6
575 2980 812 3026 ΛαβδῶνὸοαΙ.
869 2982 886 3012 7
905 3001 972 3032 γεν.
993 2985 1232 3034 καταγομένους
1252 2983 1348 3021 Scal.
1406 2981 1424 3009 8
1443 2983 1508 3029 ’γὰρ
1529 2992 1604 3016 om.
1627 2979 1689 3015 Sc.
