1898 3302
459 232 532 270 ΕΚ
560 230 678 271 ΤΩΝ
707 230 820 269 ΤΟΥ
849 229 1122 269 ΕΎΣΕΒΙΟΤ
1150 228 1457 269 ΧΡΟΝΙΚΩΝ.
1611 228 1697 272 117

300 346 360 388 Et
391 345 516 402 plura
537 345 592 387 ad
618 343 939 401 grammaticam
968 343 1226 400 pertinentia
1246 357 1384 399 usque
1407 343 1462 385 ad
1483 343 1555 386 fol.
1575 357 1642 398 51,
1655 359 1697 385 ν.

230 427 468 478 sequuntur
490 437 644 465 novem
667 422 767 464 folia
788 437 877 464 non
900 426 1081 465 exarata.

296 500 387 542 Fol.
411 503 478 551 61,
502 515 537 542 r.
596 494 794 543 Κολοῦθου
838 499 1000 552 ποιητοῦ
1044 492 1133 558 περὶ
1178 499 1251 552 τῆς
1289 495 1475 557 ἁρπαγῆς
1514 493 1697 552 Ἑλένης.

229 577 403 619 Notulae
426 578 623 632 quaedam
645 576 950 618 interlineares.

192 665 213 702 5
297 655 388 697 Fol.
410 669 476 709 72,
500 669 535 696 r.
567 654 905 712 Tryphiodorus.
946 646 1051 712 Περὶ
1074 653 1147 706 τῆς
1168 645 1292 696 Ἰλίου
1314 647 1516 701 ἁλώσεως.
1563 653 1699 695 Deest

227 747 386 774 nomen
409 732 607 774 auctoris.

296 809 387 851 Fol.
412 825 480 863 91,
504 823 539 851 r.
580 803 794 852 Μουσαίου
824 805 1113 867 γραμματικοῦ
1146 801 1200 848 τὰ
1223 800 1314 848 κατ’
1340 799 1456 866 ''pr
1480 801 1549 850 καὶ
1571 805 1700 850 Λεάν-

229 881 316 944 ὃρω,
340 901 440 928 cum
463 886 623 928 notulis
646 885 1003 928 interlinearibus.

297 964 390 1005 Fol.
417 980 506 1017 103,
529 979 564 1005 r.
600 958 791 1022 Χρυσᾶ”
771 981 844 1016 επη
868 964 936 1005 τοῦ
961 955 1209 1019 Πυθαγόρου.

171 1051 218 1076 10
299 1041 390 1083 Fol.
415 1045 505 1093 106,
528 1056 563 1082 r.
598 1036 652 1083 Γ
633 1057 714 1089 ενος
732 1035 1001 1088 Φωκυλίδους.
1015 1035 1061 1226 }

1072 1070 1186 1113 Cum
1231 1071 1490 1127 quibusdam
1535 1087 1701 1115 correc-

398 1113 678 1166 Ib.E1’;
712 1134 777 1160 τον
811 1113 927 1160 αὐτου
964 1112 1004 1161 ἕ-

1126 1149 1315 1192 tionibus
1344 1150 1700 1194 interlinearibuS.

662 1211 781 1252 761001

299 1272 390 1314 Fol.
414 1287 504 1324 114,
528 1285 563 1312 r.
598 1265 774 1320 Σόλωνος
798 1267 973 1329 ἐλεγεῖα.
1024 1273 1116 1314 Ine.
1150 1266 1360 1329 Ἥμετέροι
1390 1267 1431 1315 δὲ
1453 1266 1572 1321 πόλις
1595 1267 1703 1315 κατὰ

229 1345 303 1408 μὲν
325 1342 424 1396 Διὸς
448 1342 577 1391 οὔποτ’
602 1344 770 1391 ὀλεῖται.
808 1349 953 1391 Solon.
977 1350 1047 1391 Fr.
1071 1363 1150 1391 xv.
1180 1348 1315 1391 Gaisf.

171 1439 216 1477 15
299 1427 390 1469 Fol.
415 1442 503 1479 119,
529 1440 564 1469 r.
601 1423 786 1474 Κάτωνος
808 1419 1005 1482 Ῥωμαίου
1027 1428 1180 1485 γνῶμαι
1204 1422 1479 1485 παραινεῖ-ικαὶ
1503 1421 1702 1486 ὃιστῖχαι·

229 1496 283 1553 οἳς
303 1500 542 1574 μετένεγιεεν
567 1499 611 1546 ἐκ
633 1505 706 1558 τῆς
729 1498 904 1546 Λατίνων
926 1506 1057 1559 φωνῆς
1081 1499 1138 1552 εἷς
1162 1499 1232 1557 τὴν
1258 1499 1446 1548 Ἑλλάδα
1469 1500 1704 1548 ὃιοῖλλεκτου

232 1584 426 1644 Μάξιμος
447 1577 476 1633 2³1
498 1582 751 1641 Πλανούὸης,
776 1602 876 1630 eum
899 1587 1051 1644 glossis
1074 1587 1260 1629 interlin.

300 1666 391 1707 Fol.
415 1683 505 1721 129,
524 1681 560 1709 r.
596 1661 774 1725 Ὁμήρου
808 1658 1228 1724 βατραχομυομαχῖα·
1256 1657 1303 1707 γέν
1326 1660 1368 1707 δέ
1390 1678 1491 1707 τισι·
1528 1659 1705 1724 ίγρητος,

233 1743 301 1785 τοῦ
343 1737 491 1800 Καρὸς,
523 1740 547 1797 ἦ
588 1738 707 1801 ἆΡχῆ-
799 1742 976 1784 Glossas
1023 1742 1178 1799 adjecit
1216 1757 1370 1784 manus
1410 1741 1705 1784 interlinearis.

172 1835 220 1861 20
236 1820 456 1877 Scriptura
478 1835 578 1863 vero
601 1825 690 1861 tam
713 1820 893 1862 evanida
914 1825 980 1862 est
1002 1825 1053 1862 ut
1075 1820 1146 1862 vix
1167 1820 1252 1876 legi
1272 1819 1423 1876 possit.

302 1899 510 1952 F01.151.
573 1897 725 1938 Versio
772 1896 928 1938 Latina
973 1897 1165 1939 versibus
1210 1897 1467 1939 hexametris
1513 1896 1705 1976 ejusdem

235 1975 448 2018 Poematis
471 1974 696 2017 Leo'nardo
719 1973 899 2015 Aretino
922 1974 1046 2015 faeta.

303 2054 394 2096 Fol.
418 2057 506 2106 167,
531 2068 565 2096 r.
597 2051 779 2094 Luciani
800 2043 1049 2093 Ἐπιστολαι
1075 2046 1277 2109 Κρονικαί.

303 2131 394 2173 Fol.
419 2135 508 2184 178,
531 2145 564 2172 r.
602 2129 813 2173 Quaedam
837 2128 1050 2170 Vaticinia
1073 2128 1125 2170 de
1151 2127 1338 2169 Christo.

174 2226 220 2265 25
303 2208 394 2250 Fol.
418 2212 507 2261 183,
531 2221 566 2248 r.
615 2206 660 2248 N
662 2205 792 2247 otitiae
827 2205 977 2248 breves
1012 2205 1283 2260 quorundam
1315 2202 1551 2260 insignium
1581 2203 1707 2246 Viro·

235 2301 332 2327 rum
359 2285 404 2326 in
430 2284 559 2326 Creta
580 2289 780 2325 natorum
804 2298 827 2325 e
851 2283 1046 2340 Diogene
1071 2282 1242 2325 Laertio
1266 2287 1309 2324 et
1334 2282 1479 2325 Suida.

303 2362 395 2404 Fol.
419 2378 508 2416 192,
532 2376 568 2403 r.
604 2362 820 2417 Excerpta
843 2375 895 2403 ex
919 2360 1098 2403 Eusebii
1121 2360 1359 2402 Chronicis.

304 2440 395 2481 Fol.
417 2455 508 2493 219,
531 2453 566 2481 r.
601 2438 672 2482 Jo.
696 2440 992 2481 Damascenus
1024 2439 1077 2480 de
1110 2438 1360 2480 Haeresibus
1390 2435 1491 2479 edit.
1523 2451 1548 2478 a
1578 2435 1706 2478 Cote—

237 2516 338 2558 lerio
360 2517 438 2559 To.
463 2517 500 2558 I.
523 2516 795 2559 Monument.
821 2516 939 2558 Eccl.
965 2515 1043 2558 Gr.

175 2610 226 2646 30
306 2593 397 2634 Fol.
418 2609 509 2646 244,
526 2609 566 2635 v.
602 2594 670 2636 De
695 2592 895 2650 Synodis.

307 2669 397 2710 Fol.
418 2683 510 2722 247,
528 2684 563 2711 r.
610 2662 714 2729 Περὶ
737 2664 910 2718 πίστεως
933 2669 1134 2712 versibus
1155 2668 1352 2725 politicis.
1412 2667 1604 2710 Initium.
1654 2661 1706 2707 Ὁ

238 2742 378 2793 πάντας
401 2741 560 2804 Πέτρου
581 2741 808 2790 ἀποστόλου
831 2742 1014 2805 διάδοχος
1036 2764 1075 2789 κ.
1094 2764 1132 2790 τ.
1154 2751 1195 2788 λ.

307 2821 399 2863 Fol·
420 2825 511 2875 256,
534 2836 568 2864 r.
601 2823 683 2865 Τοῦ
705 2818 820 2881 ἁγίου
840 2818 1065 2867 Ἀθοιυασ-ἴου
1089 2819 1133 2867 ἐκ
1161 2824 1230 2866 τοῦ
1262 2815 1383 2880 λόγου
1414 2821 1483 2864 τοῦ
1514 2813 1601 2878 περὶ
1632 2819 1705 2871 τῆς

241 2894 554 2958 εὐοιυθρωπήσεως
571 2899 638 2941 τοῦ
656 2899 759 2942 Θεοῦ
776 2894 907 2957 λόγου·
933 2894 976 2943 οἶδ’
994 2898 1017 2952 ἦ
1033 2895 1153 2959 ἀρχή·
1180 2895 1396 2958 Αὖτοίρκως
1414 2893 1452 2940 ἐν
1468 2898 1549 2944 τοῖς
1569 2899 1703 2937 κ.τ.λ.
