1898 3302
665 541 805 583 ΠΕΡΙ
842 542 1191 588 ΕΠῙΒΟΤΛΩΝ

322 681 534 736 ,ΚΑΤΑ
589 683 991 733 ΒΑΣΙΛΕΩΝ
1047 686 1523 737 ΓΕΓΟΝΥΙΩΝ.

736 878 1110 907 *-

244 1017 418 1069 Insignes
451 1019 516 1057 has
549 1020 767 1071 parecbolas
802 1021 1008 1067 historicas,
1043 1035 1135 1073 quas
1169 1036 1271 1061 nunc
1301 1023 1466 1074 primurn
1497 1023 1661 1061 edendas

190 1081 328 1127 curavi,
349 1083 600 1134 suppeditavit
620 1085 720 1124 cod.
739 1086 886 1137 Regius
911 1086 1024 1131 1666,
1047 1086 1111 1137 qui
1131 1099 1193 1124 eas
1213 1087 1327 1124 habet
1346 1087 1411 1124 fol.
1433 1098 1499 1137 97.
1522 1101 1549 1125 r.
1573 1094 1660 1138 post

152 1156 175 1193 5
193 1146 307 1185 Diod.
326 1147 399 1186 Sic.
419 1148 509 1186 libb.
531 1163 713 1198 xv—xlx5
746 1152 812 1189 sed
832 1152 901 1189 hos
921 1151 1071 1202 quidem
1091 1151 1332 1202 imperfectos
1352 1159 1390 1189 et
1408 1153 1659 1202 perturbatos.

190 1212 318 1250 Codex
338 1211 418 1263 ipse
437 1221 496 1251 est
515 1213 625 1252 form.
647 1214 685 1252 in
707 1215 772 1253 fol.
791 1217 922 1254 Chart.
945 1217 1037 1254 Saec.
1058 1228 1124 1255 xv.
1145 1215 1235 1253 satis
1255 1215 1374 1253 nitide
1392 1225 1575 1260 exaratus,
1591 1217 1659 1255 sed

190 1275 362 1326 pessimis
392 1277 578 1316 erroribus
608 1280 817 1318 abundans.
892 1281 972 1318 Has
1004 1281 1193 1331 Anonymi
1226 1279 1388 1331 Eclogas
1421 1280 1513 1318 mihi
1540 1281 1658 1332 inspi-

189 1340 306 1378 cienti
333 1340 370 1379 in
401 1351 580 1394 promptu
613 1344 683 1382 fuit
717 1345 910 1396 dispicere,
937 1359 1012 1389 eaS,
1040 1345 1086 1382 ad
1110 1357 1205 1395 opus
1239 1346 1399 1382 Joannis
1429 1345 1657 1384 Antiocheni

189 1406 236 1444 de
268 1405 616 1456 conjurationibus,
658 1423 680 1448 a
711 1411 844 1449 Labbe
879 1410 979 1448 Bibl.
1011 1411 1110 1448 Nov.
1150 1410 1265 1447 MSS.
1298 1422 1334 1460 p.
1365 1410 1440 1460 385
1481 1409 1655 1455 citatum,

129 1488 177 1512 10
192 1471 404 1511 referendas
434 1487 528 1513 esse.
596 1477 671 1514 Sed
710 1489 789 1514 non
832 1474 956 1513 minus
998 1475 1110 1512 certis
1153 1473 1299 1512 indiciis
1330 1482 1523 1513 assecutus
1555 1489 1653 1520 sum,

191 1535 312 1587 ipsum
334 1538 406 1576 hoc
426 1553 521 1590 opus
540 1553 621 1578 esse
641 1549 784 1592 partem
815 1539 1027 1593 ingentium
1050 1539 1393 1582 Collectaneorum,
1416 1540 1659 1591 Imperatoris

191 1602 431 1642 Constantini
465 1605 775 1658 Porphyrogeniti
802 1609 924 1657 jussu,
945 1605 1037 1643 olim
1068 1605 1352 1648 confectorum;
1392 1617 1476 1643 eam
1505 1616 1657 1656 nempe,

189 1681 286 1718 quae‚
313 1669 383 1707 sub
409 1670 541 1708 Titulo
573 1673 640 1721 περὶ
671 1673 864 1716 Ἐπιβουλῆς
895 1670 952 1708 vel
980 1672 1191 1717 Ἐπιβουλῶν,
1211 1668 1488 1708 continebatur.
1548 1670 1652 1720 (Vid.

190 1733 315 1771 Vales.
335 1733 374 1771 in
394 1735 502 1773 Praef.
523 1736 606 1773 Ecl.
629 1736 805 1785 Peiresc.)
866 1735 1023 1773 Utinam
1052 1743 1179 1773 autem
1210 1734 1399 1786 integrum
1431 1736 1532 1773 hunc
1563 1735 1654 1773 titu-

131 1797 282 1846 15lum‚
303 1807 343 1836 et
368 1812 497 1837 eorum
526 1802 565 1838 in
592 1814 637 1839 eo
667 1801 927 1852 primariorum
958 1800 1221 1838 historicorum
1249 1809 1436 1852 excerpta,
1465 1814 1548 1851 quae
1578 1800 1659 1838 sine

190 1862 305 1900 dubio
338 1863 388 1901 ibi
425 1865 734 1917 comparuissent,
775 1865 876 1904 nacti
913 1878 1108 1912 essemus3
1169 1865 1327 1917 Polybii,
1364 1864 1461 1909 dico,
1498 1864 1657 1903 Diodori

190 1926 319 1972 Siculi,
340 1928 516 1980 Appiani,
539 1923 713 1982 Dionysii
733 1930 1090 1969 Halicarnassensis.
1150 1930 1224 1968 Sed
1244 1930 1331 1968 licet
1356 1929 1412 1967 his
1432 1930 1544 1981 longe
1563 1929 1659 1967 infe-

191 1991 265 2030 rior
282 1993 332 2031 sit
351 2001 390 2031 et
411 2002 522 2032 aetate
550 2003 589 2033 et
616 1995 840 2033 auctoritate
859 1995 1118 2032 Antiochenus
1137 1994 1343 2032 Annalium
1363 1994 1657 2040 consarcinator,

191 2056 478 2109 haudquaquam
510 2060 811 2097 contemnendus
844 2072 926 2097 esse
953 2057 1122 2102 videtur;
1159 2057 1297 2108 quippe
1325 2057 1388 2108 qui
1419 2071 1462 2095 ex
1492 2059 1658 2109 antiqui-

128 2132 178 2157 20
191 2122 318 2159 oribus
333 2130 372 2160 et
392 2123 554 2161 melioris
570 2133 669 2162 notae
690 2124 932 2176 scriptoribus
947 2137 1014 2162 sua
1029 2123 1106 2173 fere
1121 2135 1269 2174 semper
1288 2121 1454 2159 hauriat:
1480 2136 1555 2160 una
1569 2136 1656 2160 cum

189 2185 365 2238 Eutropii
397 2187 668 2239 Metaphraste,
696 2188 785 2227 licet
814 2203 1029 2242 agnoscere,
1050 2202 1137 2227 eum
1168 2187 1342 2231 Diodori,
1363 2186 1503 2225 Dionis
1523 2188 1657 2231 Cassii,

190 2249 392 2295 Plutarchi,
411 2252 632 2298 Herodiani,
647 2261 686 2291 et
706 2253 805 2291 inter
821 2255 1061 2298 recentiores,
1076 2252 1253 2304 Eunapii,
1268 2251 1413 2290 Malchi
1429 2259 1467 2290 et
1483 2251 1658 2304 Dexippi.

192 2314 352 2366 vestigiis
372 2316 554 2356 insistere.
611 2319 707 2356 Haec
735 2317 919 2370 imprimis
940 2319 986 2357 ad
1006 2317 1166 2357 labentis
1187 2317 1334 2369 imperii
1358 2315 1522 2354 Romani
1544 2316 1659 2355 histo-

191 2378 284 2417 riam
305 2379 562 2419 illustrandam
583 2382 689 2420 utilia
714 2391 847 2428 erunt;
877 2382 1074 2434 aliquoties
1107 2381 1220 2420 etiam
1250 2381 1389 2426 Suidae,
1407 2380 1471 2431 qui
1501 2393 1620 2431 pauca
1638 2392 1660 2416 e

131 2451 322 2498 25wnostro
347 2445 533 2498 eclogario
561 2446 768 2498 descripsit,
790 2447 914 2485 lucem
941 2447 1093 2485 addent.
1150 2446 1257 2483 Nihil
1290 2454 1415 2483 autem
1450 2444 1487 2482 in
1519 2443 1659 2482 Codice

190 2510 412 2549 mutandum
433 2524 514 2550 esse
534 2511 635 2558 duxi,
654 2511 686 2550 si
706 2513 876 2550 obviores
896 2511 1033 2551 librarii
1054 2523 1198 2549 errores
1214 2509 1390 2561 excipias,
1408 2522 1502 2560 quos
1519 2507 1658 2559 passim

192 2587 345 2612 correxi.

192 2712 365 2806 ὈΤΙ
402 2712 544 2772 Δαβῖῧ
574 2717 593 2763 ὅ
624 2715 828 2772 βασιλεὺς
860 2716 1127 2779 Ἰερουσαλήμ.
1164 2713 1232 2766 ἕως
1263 2713 1335 2775 μὲν
1366 2710 1411 2770 ἦν
1444 2717 1516 2758 τῶν
1540 2706 1659 2771 νόμων

341 2792 493 2852 φύλαξ,
530 2788 682 2847 πάντας
717 2792 809 2846 τοὺς
847 2789 1064 2854 πολεμίους
1105 2789 1362 2855 ἔχείρῶσατο·
1418 2786 1569 2849 ὀλίγοις
1617 2785 1659 2831 δέ

131 2893 181 2929 30
193 2889 278 2915 τισι
301 2868 536 2931 πταίσμασι
560 2876 628 2918 τοῦ
653 2869 838 2932 σώματος
859 2867 1050 2925 πιεσθεὶς,
1071 2866 1194 2920 θείαις
1218 2865 1444 2914 ἐπαιδεύετο
1467 2863 1654 2923 μάστιξι.

193 2943 286 3007 πρὸς
308 2945 386 3008 γὰρ
409 2951 481 2992 τῶν
504 2947 643 2994 ἑαυτοῦ
665 2943 815 2994 παίδων
837 2951 978 3008 μικροῦ
1001 2951 1072 3003 τῆς
1098 2942 1321 3000 βασιλείας
1347 2940 1542 2995 ἐξέπεσεν.

900 3036 921 3061 Β
947 3033 971 3062 2
